4086 6100
815 447 1031 511 enarrare.
1693 476 1729 518 m

118 583 261 644 borismos
274 579 390 644 AEliano
404 587 583 657 exemimus,
599 599 724 659 quorum
740 599 831 642 uuum
844 587 874 643 in
889 589 1056 644 accusativo
1071 585 1149 644 αὐτόν
1165 603 1324 664 agnoscere
1340 589 1465 663 licebat,
1481 590 1604 648 alterum
1616 590 1672 648 Ιιιδ
1689 589 1728 664 δέ,

118 685 198 758 quod
216 699 365 760 perperam
381 683 504 742 infertur
517 689 583 758 post
594 679 744 759 περερέρει,
760 685 806 741 cui
828 691 858 741 et
872 686 930 758 ipsi
945 684 1100 760 delphinus
1114 687 1225 745 subest.
1269 688 1325 746 λό’
1336 686 1416 748 allud
1431 689 1597 764 exemplum
1613 695 1730 748 transeo

120 782 175 852 ΙΙΙ,
191 790 239 840 aa.
262 777 308 839 lbi
321 779 454 839 AEliauus
468 786 623 855 postquam
644 781 760 854 scripsit
773 778 997 840 ichneumouem
1012 798 1078 841 cum
1096 784 1197 859 aspide
1216 801 1313 862 pugna
1326 801 1551 862 congressurum
1572 789 1602 844 in
1619 787 1680 844 luto
1698 803 1730 844 se

118 879 249 936 uolutare
273 891 366 954 eoque
389 891 421 934 se
443 881 583 950 tauquam
606 873 724 932 thorace
737 875 928 944 circumdare,
945 875 991 936 his
1005 883 1101 954 pergit
1119 882 1214 940 verbis
1233 900 1240 939 :
1262 883 1285 939 el
1306 881 1334 940 δὲ
1350 880 1446 961 ἀπορία
1461 879 1502 952 εἴη
1516 882 1621 953 πηλοῦ,
1636 882 1731 946 λούσας

119 969 211 1030 ἑαυτὸν
227 969 304 1028 ὕδατι
327 968 373 1028 καί
400 969 436 1036 είς
457 969 546 1045 ἀμμον
570 971 678 1046 βαθεῖαν
705 968 783 1047 ίιγρὸν
798 968 836 1027 ἔτι
862 969 1001 1048 ἀμόκλόιν,
1023 975 1052 1030 ἐκ
1067 976 1147 1044 τῆσδε
1160 979 1207 1046 τῆς
1232 976 1350 1043 ἐπινοίας
1366 977 1396 1036 τὸ
1423 975 1584 1056 ἀμυντήριον
1610 976 1637 1044 di
1660 977 1728 1035 ἀπό-

118 1089 168 1146 ρων
184 1065 304 1136 σπάσας,
316 1064 360 1122 ἐπὶ
372 1063 419 1135 τὴν
435 1062 525 1142 μάχην
540 1061 663 1142 ἔρχεται·
682 1067 729 1134 τῆς
741 1087 767 1123 τε
781 1065 846 1146 ῥινός
860 1066 890 1125 τό
906 1067 1001 1146 άκρον,
1019 1069 1121 1129 ἁπαλὸν
1135 1071 1179 1142 όν,
1192 1073 1309 1153 ἐγχρίσει
1324 1077 1356 1154 τῇ
1371 1079 1418 1146 τῆς
1435 1076 1544 1142 ἀσπίδος
1559 1072 1654 1153 τρόπον
1670 1072 1730 1132 τινάι

117 1163 281 1240 ἐκκείμενον,
303 1161 408 1244 ρροιιρεῖ
427 1159 475 1232 τὴν
496 1159 573 1241 οάράν
592 1161 744 1242 ἐπικάμψας
760 1165 875 1238 μᾶλλον·
892 1165 971 1232 οὕτως
996 1167 1048 1244 γάρ
1066 1172 1150 1226 ποιεῖν
1165 1168 1272 1247 εἴωθεν,
1286 1171 1437 1240 ἀνακλάσας
1457 1171 1502 1229 καί
1522 1168 1674 1251 ἀπορράξας
1696 1173 1728 1228 δι’

117 1265 196 1336 αὐτῆς
211 1261 285 1321 αὐτό.
327 1260 468 1336 Displicet
477 1255 628 1340 ἀπορράξας
639 1259 771 1321 absolute
783 1265 920 1338 positum,
932 1281 986 1324 nec
999 1266 1095 1341 placet
1107 1268 1206 1343 μᾶλλον
1222 1272 1438 1344 comparativus
1451 1286 1504 1330 nec
1519 1267 1583 1326 αὐτό
1596 1269 1634 1328 ab
1649 1265 1729 1344 ἀκρον

116 1364 206 1420 nimis
222 1361 309 1436 longo
319 1359 472 1418 intervallo
489 1359 681 1434 disjunctum.
724 1359 764 1418 At
778 1360 862 1420 facile
875 1363 947 1422 mlhi
961 1363 1046 1422 dabis
1060 1363 1099 1422 ab
1115 1363 1229 1422 AEllnno
1246 1365 1305 1423 hac
1320 1364 1450 1439 prolecta
1464 1379 1529 1422 esse
1545 1364 1591 1432 τῆς
1613 1383 1642 1418 τε
1663 1359 1730 1441 ρινδς

116 1456 146 1514 τὸ
160 1457 241 1536 ἀκρον
256 1453 359 1514 ἀπαλὸν
368 1453 396 1513 δν
412 1451 524 1534 [καίΉ
539 1454 655 1532 ἰγχρίσει
668 1457 702 1532 τῇ
716 1457 763 1524 τῆς
779 1456 888 1524 ἀσπίδος
900 1457 997 1537 τρόπον
1009 1457 1068 1516 τινὰ
1080 1449 1228 1534 ἐκκείμενον
1243 1466 1348 1538 ρρουρεῖ
1360 1456 1408 1528 τὴν
1420 1456 1497 1536 οάράν
1513 1455 1664 1522 ἀνακλάσας
1684 1459 1729 1514 καὶ

118 1551 272 1633 ἀπορράξας
286 1549 320 1610 δι’
337 1552 418 1620 αὐτῆς
434 1549 506 1609 αὐτό.
548 1553 670 1628 Reliqua
692 1553 783 1612 relero
802 1556 839 1614 ad
854 1555 1063 1632 glossatorem,
1078 1575 1165 1632 quem
1184 1561 1347 1633 pupugerat
1362 1573 1420 1615 uox
1441 1551 1638 1632 tarataram)
1662 1561 1726 1613 tum

117 1652 255 1726 temporis
269 1666 304 1708 ex
321 1649 519 1709 familiaritate
533 1645 700 1708 Graecorum
716 1658 839 1710 remota.
884 1653 1044 1728 ddscrlpslt
1059 1655 1158 1730 igitur,
1177 1657 1260 1729 quusi
1272 1657 1420 1728 corrigens
1435 1653 1603 1727 scriptorem
1622 1650 1724 1718 suum,

117 1746 270 1827 ἐπικάμψας
284 1747 397 1822 μᾶλλον·
410 1743 491 1810 οὕτως
506 1743 557 1824 γδρ
572 1751 656 1804 ποιεῖν
672 1742 773 1807 elota.
815 1747 867 1807 Cui
880 1750 1015 1825 exemplo
1029 1751 1107 1810 alind
1123 1751 1249 1826 adjicere
1258 1754 1359 1826 juvat,
1374 1753 1402 1807 in
1419 1765 1478 1824 quo
1492 1747 1617 1807 eundem
1633 1748 1728 1806 lromi·

58 1839 61 1844 ’
118 1863 185 1904 nem
200 1846 400 1922 doctiloquum
419 1860 556 1921 agnosco.
598 1845 715 1904 Etenim
732 1845 786 1914 tv,
805 1854 840 1904 43
860 1847 897 1904 dc
911 1847 1133 1924 meleagrldibns
1147 1848 1211 1907 huc
1232 1849 1368 1924 leguntur
1391 1864 1398 1904 τ
1415 1844 1471 1902 δσοι
1486 1843 1514 1902 δὲ
1529 1842 1580 1922 ἄρα
1595 1844 1729 1901 αἰδοῦνται

119 1943 148 2000 τὸ
162 1942 242 2019 θεῖον,
256 1942 301 2000 καί
313 1944 336 2000 εί
351 1941 452 2019 μᾶλλον
465 1941 513 2012 τὴν
528 1939 651 2020 Ἄρτεμιν
664 1987 673 2014 ,
685 1944 733 2001 οὐκ
745 1941 776 2000 ἀν
790 1965 854 2000 ποτε
870 1943 951 2002 τῶνδε
966 1947 1017 2001 τῶν
1032 1943 1138 2024 ὀρνίθων
1154 1945 1197 2002 lul
1214 1949 1298 2026 τρορῇ
1310 1943 1487 2024 προοάψαιεν.
1531 1941 1628 2003 Verba
1642 1939 1687 1999 καὶ
1706 1943 1729 1998 εἰ

116 2041 218 2114 μαλλον
233 2035 279 2110 τὴν
292 2037 419 2119 ’λριεμιν
438 2041 552 2100 varica
570 2043 677 2100 criticis
693 2039 908 2112 tentotalnere3
924 2041 1175 2118 simplicissimum
1189 2050 1235 2102 est
1251 2045 1390 2103 lectorem
1409 2042 1536 2118 smgerc,
1550 2043 1620 2116 qul,
1637 2055 1729 2116 quum

118 2139 297 2196 meminisset
311 2137 451 2213 Meleagri
465 2139 697 2214 consanguineas
706 2135 868 2196 secuudum
880 2139 1031 2214 uulgarem
1046 2140 1181 2216 mythum
1193 2157 1210 2199 a
1221 2140 1323 2200 Diana
1332 2143 1363 2199 iu
1377 2139 1567 2215 meleagrides
1576 2151 1731 2196 conversus

117 2231 222 2310 luisse,
237 2235 280 2294 ila
294 2235 501 2308 interposuerit
517 2233 658 2308 judicium
673 2249 772 2307 snum,
785 2241 820 2293 ut
835 2236 874 2294 ad
886 2233 917 2294 ιδ
930 2235 997 2295 δαῖον
1012 2238 1150 2314 adjiceret
1168 2237 1270 2307 μᾶλλον
1283 2235 1332 2308 τὴν
1343 2235 1477 2314 Ἄρτεμιν.
1521 2237 1623 2294 Postea
1637 2249 1729 2310 quum

116 2329 180 2388 llaec
193 2331 225 2387 lu
236 2332 398 2388 orationem
414 2331 620 2406 reciperentur,
635 2326 679 2384 καί
699 2329 851 2404 prolixum
863 2339 924 2407 est,
939 2333 1019 2408 quod
1033 2333 1138 2393 delude
1160 2337 1190 2393 in
1204 2333 1249 2392 καλ
1264 2333 1287 2390 εἰ
1302 2333 1392 2406 obiit,
1411 2331 1659 2408 quemadmodum
1673 2329 1729 2388 hoc

118 2425 228 2484 lactum
240 2425 374 2484 videmus
388 2428 418 2484 iu
434 2423 579 2483 Prommio
593 2442 622 2500 p.
643 2433 669 2500 t,
685 2433 712 2483 o.
727 2424 869 2486 Simlllter
880 2429 1073 2504 judicandum
1088 2431 1126 2490 de
1137 2431 1191 2507 lli,
1207 2440 1223 2490 t
1237 2447 1245 2492 ι
1261 2427 1370 2504 σοόαρολ
1384 2428 1412 2488 δὲ
1429 2431 1518 2500 Μῆδοι
1532 2426 1577 2486 καὶ
1592 2425 1669 2504 dipel
1679 2426 1729 2484 καὶ

117 2520 206 2600 μέντοι
220 2520 265 2580 καί
277 2520 382 2580 ἐκείνων
394 2526 505 2580 τοιοῦτον
515 2521 562 2552 ”⁴¹
572 2523 580 2600 )
591 2520 684 2580 ἵπποι·
699 2519 777 2600 φαίης
791 2520 823 2580 ἀν
834 2523 926 2592 αὐτοὺς
937 2534 1037 2606 τρυράν
1050 2525 1095 2585 σὺν
1108 2530 1160 2594 τοῖς
1170 2525 1308 2594 δεσπόταις
1322 2526 1367 2584 καί
1379 2529 1416 2605 τῷ
1429 2525 1532 2603 μεγέθει
1543 2529 1589 2584 τοῦ
1602 2521 1725 2598 σώματος

117 2619 164 2679 καὶ
180 2622 218 2700 τῷ
234 2619 342 2696 κάλλττ,
355 2618 407 2690 ἤδη
427 2617 455 2677 δὲ
467 2619 513 2678 καί
525 2641 558 2698 τη
574 2619 654 2698 χλιδῇ
671 2621 761 2699 καίπῇ
782 2619 953 2700 deperdat-tr
970 2622 1079 2695 ἔξωθεν,
1094 2624 1139 2683 καὶ
1153 2628 1186 2704 τῇ
1200 2621 1293 2704 θρόψει
1305 2623 1420 2682 ίαίκασιν
1434 2620 1631 2696 αἰσθανομένας
1649 2618 1730 2696 μεγά-

115 2722 174 2784 θους
189 2740 216 2776 τε
232 2722 279 2776 τοῖν
294 2717 419 2797 σφετέρου
434 2717 479 2776 καλ
495 2716 607 2783 κάλλους
619 2716 664 2775 καί
675 2713 716 2775 ότι
729 2719 840 2796 χλιδῶσι
852 2720 890 2796 τῷ
908 2718 1012 2801 κόσμιρ.
1056 2723 1159 2798 Neque
1174 2724 1250 2781 enlm
1273 2721 1413 2787 adducar,
1430 2719 1595 2779 aluredum
1610 2719 1727 2792 elegun-

117 2819 261 2876 tlsslmum
277 2820 448 2893 scriptorem
461 2816 566 2875 lisdem
583 2814 641 2874 lere
654 2816 754 2875 verbis
772 2819 816 2877 bis
830 2818 966 2894 deinceps
980 2819 1082 2879 eadem
1097 2835 1352 2880 commemorasse.
1396 2817 1472 2878 Nam
1498 2823 1529 2876 et
1543 2817 1632 2876 verba
1651 2814 1730 2894 ραίηι

117 2911 229 2993 διν-τῷ
246 2913 340 2974 κάλλει
351 2916 427 2975 mule
444 2915 612 2974 redeuntia
630 2913 710 2974 lrlsce
720 2917 754 2994 τῇ
767 2913 860 2996 θρύψιν
876 2916 990 2974 ἐοίκασιν
1009 2913 1208 2990 αἰσθανομένοις
1222 2913 1346 2991 μεγέθους
1361 2935 1389 2970 τι
1407 2917 1452 2970 τοῦ
1468 2895 1593 2991 σρέτόρου
1606 2908 1652 2970 καλ
1665 2909 1729 2968 κάλ·

119 3011 178 3076 λοος
191 3019 221 3070 ct
236 3012 287 3071 illu
302 3011 415 3090 χλιδῶσι
429 3011 467 3089 τῷ
490 3007 583 3089 κόσμῳ
600 3013 699 3086 inepte
719 3011 882 3072 insumatur
896 3019 961 3086 post
981 3015 1012 3088 τῇ
1034 3011 1129 3090 Ιχλιδῇ.
1176 3012 1279 3086 ltaque
1294 3009 1373 3069 haud
1390 3008 1451 3068 scio
1464 3025 1503 3068 au
1526 3014 1625 3067 noster
1651 3007 1732 3064 locus

116 3108 187 3168 olim
201 3111 241 3168 lto
255 3107 506 3184 scriptusioerit:
907 3121 911 3132 ·
970 3119 972 3123 ’

118 3280 229 3362 σοόαρολ
248 3280 276 3340 δὲ
290 3284 382 3352 Μῆδοι
396 3283 440 3339 καί
457 3281 555 3358 άόροί,
571 3282 616 3339 καλ
632 3281 721 3354 μέντοι
736 3283 816 3338 καλοί
832 3283 903 3339 ἐκεί-

118 3392 169 3426 νων
186 3373 298 3426 τοιοῦτοι
313 3366 405 3424 ίπποι·
421 3367 498 3445 ραίης
515 3365 547 3424 ἀν
563 3367 656 3432 αὐτοὺς
669 3376 770 3446 τρυρᾶν
788 3363 834 3426 αίιν
849 3373 903 3430 τοῖς
944 3373 1062 3436 τῇθράρει
1076 3371 1181 3419 ἐοίκασιν
1195 3369 1371 3430 αἰσθανομένοις
1391 3369 1501 3430 μεγέθους
1518 3385 1543 3417 τε
1563 3373 1605 3416 τοῦ
1619 3367 1731 3430 σρετέροο

119 3456 258 3521 δεσπόταις
272 3455 317 3512 καὶ
331 3456 368 3532 τῷ
384 3455 487 3531 μεγέθει
501 3459 545 3511 τοῦ
558 3452 680 3528 σώματος
693 3453 739 3511 καί
751 3457 789 3534 τῷ
801 3453 904 3524 κάλλει,
946 3445 985 3492 ²⁶²3
997 3444 1096 3497 ‘iffi-⁰¹³⁵

119 3544 171 3616 ἤδη
189 3543 277 3602 δὲκαὶ
294 3546 328 3622 τῇ
345 3545 425 3624 χλιδῇ
441 3543 532 3622 καὶτῇ
549 3543 674 3624 θεραπεία
688 3547 722 3622 τῇ
738 3540 842 3610 ἔξωθεν.
946 3547 1043 3610 χλιδῶσι
1056 3549 1090 3608 τῷ
1101 3543 1187 3606 κόσμῳ

160 3733 216 3792 Sed
228 3735 290 3810 jam
308 3733 414 3793 addam
429 3732 513 3808 plura
526 3731 679 3806 exempla,
695 3730 802 3806 quibus
816 3727 862 3786 καί
876 3744 935 3786 uon
952 3740 1016 3785 mro
1026 3723 1134 3800 glossis
1149 3721 1331 3797 premissum
1342 3718 1431 3776 luisse
1441 3715 1669 3775 demonstretur.

152 3893 179 3956 l,
193 3893 226 3946 ia
244 3909 251 3947 t
266 3893 355 3962 κέρατα
370 3890 396 3944 el
408 3890 438 3943 τά
451 3889 538 3944 ἑαυτοῦ
555 3890 570 3944 ό
583 3889 688 3961 κάραόος
704 3887 844 3960 ἀνεγείρας,
859 3887 901 3940 κοιλ
984 3885 1046 3948 XV,
1063 3899 1094 3935 tu
1114 3899 1120 3936 ε
1134 3880 1222 3933 οὐκοῦν
1236 3877 1305 3948 [καὶ
1314 3876 1339 3930 αί
1351 3877 1459 3945 κόγχαι]
1470 3875 1532 3928 κατὰ
1545 3873 1619 3945 μικράι
1632 3873 1736 3944 baudag-

117 3969 235 4040 θυμωθείς
254 3967 286 4030 είς
306 3967 367 4021 αὖτά
381 3969 540 4039 προκαλεῖται
562 3968 679 4038 μύραιναν
694 3967 763 4037 [καλ
785 3967 818 4029 ὡς
835 3963 900 4019 εἶναι
947 3967 1033 4018 σοῦσαι
1044 3959 1158 4032 ratpoto
1165 3979 1194 4030 γε
1208 3958 1307 4019 εἰκότως
1314 3955 1490 4026 ἡσυχάζουσιν.
1507 3953 1734 4024 llbundateopulu

116 4047 179 4101 κατά
191 4051 297 4118 γυναῖκα
310 4047 482 4119 ὠργισμένην]
494 4068 499 4078 ·
517 4045 604 4100 οίικοῦν
618 4047 633 4114 ἢ
649 4047 692 4118 μὲν
709 4051 752 4100 τοῦ
767 4044 901 4098 ἀντιπάλου
946 4053 973 4096 et
984 4043 1070 4113 ipsum
1083 4042 1176 4110 κόγχαι
1195 4037 1333 4090 molestum
1347 4045 1402 4102 est;
1419 4034 1536 4087 AEllanus
1547 4033 1618 4086 enim
1631 4049 1685 4085 non
1699 4031 1734 4084 de

117 4127 146 4180 τδι
161 4130 258 4198 κέντρα,
271 4128 318 4179 δαα
329 4127 353 4179 ol
365 4127 539 4197 προόίόληται,
554 4130 630 4179 ταῦτα
638 4126 682 4179 οὐκ
696 4125 813 4180 ἐννοοῦσα
825 4141 900 4176 κατα-
946 4121 1054 4176 conchis
1069 4118 1115 4172 sed
1133 4118 1167 4171 dc
1178 4117 1277 4171 themis
1288 4116 1415 4186 loquitur.
1429 4117 1557 4168 Prmterca
1570 4113 1694 4183 quonium
1707 4113 1733 4164 iu

117 4208 210 4263 δάκνει.
222 4205 311 4258 Verba
322 4208 397 4259 uncis
409 4206 506 4259 inclusa
514 4207 641 4274 glossator
648 4201 900 4276 adspersitscquenti
947 4201 1127 4270 όποθαροοῦααι
1142 4197 1211 4250 idem
1225 4194 1371 4264 subjectum
1383 4203 1510 4263 astatque
1523 4192 1550 4243 ln
1565 4189 1732 4254 ἐκπίπτουσιν,

117 4287 272 4339 καταδόκνει.
295 4287 335 4338 De
352 4287 481 4339 sententia
499 4285 558 4338 vide
576 4285 727 4339 iaculatum
746 4283 779 4336 ad
805 4281 901 4336 llchlll.
948 4282 1042 4333 lterum
1052 4276 1199 4348 subjectum
1210 4273 1333 4327 inculcari
1344 4272 1490 4342 legentibus
1498 4267 1642 4322 alrsurdum
1655 4267 1733 4322 sorel.

117 4367 177 4421 Tul.
192 4385 219 4438 p.
237 4365 298 4420 556.
947 4361 1039 4427 ltaque
1052 4356 1186 4425 glossatori
1199 4352 1281 4406 redde
1294 4352 1320 4404 al
1335 4353 1427 4422 κόγχαι
1439 4361 1465 4402 et
1479 4347 1599 4418 copulam
1614 4345 1731 4402 librarlo.

153 4448 189 4509 V,
206 4446 236 4498 51
257 4461 263 4497 :
282 4444 311 4497 τδ
327 4443 370 4514 μὲν
384 4443 431 4514 γάρ
447 4444 580 4514 βρυχάται,
598 4443 702 4512 μυκᾶται
716 4440 742 4495 δὲ
761 4440 843 4506 ἀλλο,
860 4441 902 4494 καλ
984 4437 1072 4496 XVU,
1084 4435 1118 4486 αθ
1134 4451 1141 4488 :
1161 4433 1308 4500 κατάπτεροι
1321 4429 1369 4500 γὰρ
1381 4429 1415 4490 ὡς
1429 4424 1491 4494 ἦσαν
1506 4425 1531 4476 αἱ
1545 4427 1588 4476 τοῦ
1603 4423 1679 4493 μύθου
1691 4427 1732 4478 κό·

118 4526 271 4595 χρεμέτιαμα
288 4523 368 4575 ἀλλον
381 4523 423 4576 κοιλ
436 4523 537 4594 όγκησις
552 4521 646 4586 ἀλλον,
663 4521 809 4592 βληχηθμός
822 4540 848 4574 τε
861 4520 903 4573 κοιλ
949 4533 989 4586 ραι
1003 4514 1072 4585 [καλ
1094 4513 1149 4574 τόνς
1166 4513 1243 4572 πόδας
1255 4511 1348 4580 ὄρνιθες
1360 4509 1475 4573 ἐδόκουν]
1492 4504 1592 4569 ποιηταί
1608 4521 1634 4555 τε
1649 4502 1735 4572 ᾄδουσι

120 4607 261 4675 μηκααμός,
273 4604 339 4672 [καὶ
350 4604 452 4674 διάρορα
465 4601 659 4673 ρθὲγματαΙκαί
668 4619 717 4653 τισι
725 4599 768 4670 μὲν
778 4599 901 4669 ἀραγμός,
948 4593 990 4646 καλ
1004 4593 1130 4662 ζωγράροι
1143 4589 1303 4643 δεικνύουσιν.

118 4687 168 4740 τιαί
179 4687 204 4739 δὲ
217 4683 418 4756 θλαγμδςρίλον.
430 4681 520 4760 Verba
530 4681 769 4750 διάροραρθίγματα
778 4679 842 4731 nihil
853 4678 901 4730 nisi

119 4765 214 4817 lemma
227 4774 297 4818 sunt.
639 4818 642 4824 ,

120 4843 1732 4887 Μ

152 4935 185 4998 (*)
201 4933 291 4984 luterni
312 4932 367 4994 καί,
383 4945 536 4995 quanquam,
555 4932 575 4982 sl
595 4929 710 4993 aynano
731 4929 761 4978 ad
783 4929 901 4978 emlrlcmr
983 4925 1029 4988 (¹⁸)
1043 4925 1094 4974 lloc
1115 4919 1261 4969 vocobulum
1277 4915 1308 4965 de
1329 4917 1421 4964 retorsa
1435 4909 1513 4962 cauda
1534 4913 1649 4973 praetcrea
1670 4906 1733 4971 apud

119 5003 348 5072 deprehendendum
368 5005 402 5053 nli
420 5003 488 5064 lieet,
511 5003 609 5052 lorlaue
625 5001 698 5050 rerba
714 5001 805 5049 ἀπαλδν
819 5001 845 5049 δν
863 5013 900 5047 re·
954 4989 1248 5053 AEllonnmlegllurlllll,
1264 4991 1300 5037 lt.
1339 5055 1345 5066 ·
1450 5053 1456 5070 '

119 5079 183 5128 otius
194 5078 218 5126 et
228 5076 280 5138 lpse
288 5075 318 5123 ad
325 5073 480 5134 glossatorem
489 5072 665 5132 revocabimus,
675 5072 745 5133 eujus
757 5071 847 5120 slmiles
860 5070 901 5118 lru·
978 5065 1038 5128 (m)
1053 5064 1130 5113 Ellam
1139 5063 1254 5140 roror'rrort
1264 5055 1328 5117 quod
1338 5056 1400 5105 roler
1409 5055 1504 5104 όκιινων
1516 5057 1540 5100 et
1548 5051 1617 5101 Ιππο.
1626 5049 1734 5132 calloet·

119 5153 160 5198 lus
173 5147 291 5196 lralrculur
304 5147 346 5205 tv,
357 5149 387 5195 3ο
399 5145 407 5204 l
419 5145 445 5192 δν
460 5145 595 5208 γλισχρὰν).
609 5145 664 5203 llll,
676 5146 706 5191 tt
723 5142 841 5203 (ποταμὸς
849 5139 901 5202 ὢν).
947 5141 1000 5188 lum
1013 5137 1091 5198 primo
1099 5133 1211 5194 adspectu
1224 5129 1328 5190 uqurram
1340 5127 1497 5195 offensionem
1508 5123 1595 5179 umet.
1604 5135 1618 5170 c
1628 5131 1736 5181 margine

122 5220 188 5276 MV,
202 5220 231 5267 ²⁴
246 5215 405 5279 ίόῦῐναδῶδεε
417 5215 465 5276 ὄνί·
948 5207 1069 5270 irrepsisse
1079 5202 1177 5255 dixerit
1187 5199 1249 5250 Vide
1257 5200 1340 5252 umen
1349 5197 1494 5262 Antigonum
1505 5191 1597 5255 catast
1606 5204 1638 5254 ap
1648 5191 1734 5241 ΑΙΙιεα.

951 5283 978 5330 ll.
987 5292 1011 5342 p.
1031 5281 1093 5328 ⁴¹9:
1107 5274 1135 5336 ἦν
1147 5273 1192 5334 γὰρ
1207 5272 1233 5321 sd
1247 5276 1289 5320 τοῦ
1305 5271 1441 5332 Μενεδήμου
1453 5271 1557 5317 τοιοῦτον
1569 5264 1671 5324 ἀριστον.
