4086 6100
757 499 971 561 Pharsalo.
1674 523 1705 564 xr

99 632 655 707 ἐναγκαίωνἂποραίνενςκαὶσπεῦὃεις
671 651 700 698 με
719 632 790 702 φίλον
807 632 873 703 ἔχειν
920 651 1014 686 norum
1040 643 1066 684 et
1089 633 1214 685 Marciani
1247 633 1345 703 primas
1373 633 1480 704 paginas
1506 634 1620 704 attigisse
1643 637 1706 689 satis

101 715 145 782 Ιαι
162 713 275 782 ιοῖσερ
291 705 347 765 οὖν
371 711 376 783 1
395 727 429 763 aa
446 728 451 763 :
469 713 519 764 lio
533 711 646 764 τοίνυν
663 709 667 782 1
683 711 714 762 25
731 728 737 762 :
752 713 875 781 γάρτοι
920 712 1014 774 habui;
1029 729 1113 782 neque
1131 711 1198 764 ultra
1212 711 1434 784 progrediendum
1448 711 1498 765 suit
1517 714 1543 765 in
1564 716 1706 768 lllonacen·

100 793 140 862 131
157 790 210 853 τοῖς
231 791 304 862 μέλος
325 790 508 844 baalsalisa
523 790 528 860 Ι
546 792 579 844 32
594 807 599 843 :
616 789 649 842 oti
667 791 794 860 χεῖρον1
813 792 846 846 38
866 808 872 843 :
920 789 992 842 sibus
1006 791 1038 860 39
1052 801 1077 842 et
1091 808 1135 859 91,
1154 807 1220 860 quos
1236 790 1386 843 Fridericus
1397 791 1526 857 Thomas,
1542 793 1582 844 vir
1596 793 1707 846 clarissi-

102 871 147 924 καὶ
167 871 225 940 γάρ
247 889 296 923 τοι
326 869 437 931 κάκεῖνος
459 869 573 939 ἐρωτικὸς
598 863 631 922 εὖ
652 868 755 940 μάλα1
776 873 808 931 11
826 886 832 921 :
849 869 873 922 cl
921 888 995 934 mus,
1019 889 1076 923 mea
1100 889 1176 922 eausa
1202 872 1322 942 inspexit.
1361 872 1454 925 Melius
1482 891 1648 944 speraveram
1671 875 1705 926 de

102 951 143 1019 γάρ
155 967 183 1018 με
195 949 332 1018 διαφθεῖραι
347 948 460 1020 attan,
475 949 499 1000 tl
512 947 538 1001 δὲ
550 949 696 1008 σπεύδεις
713 946 830 1000 ἀπολέσαι
845 967 875 1018 με
919 951 1040 1002 Vaticani
1062 949 1233 1014 lectionibus,
1249 968 1313 1020 quas
1331 952 1364 1004 Τ.
1386 953 1416 1004 F.
1436 952 1561 1016 Thomas,
1577 955 1705 1022 gymnasii

105 1031 114 1096 11
129 1033 185 1098 492,
206 1027 348 1088 πδεινῶς
366 1027 556 1097 πέρρινα13
580 1044 586 1079 :
610 1027 775 1096 ὒφορῶμαι
798 1026 802 1096 1
826 1026 841 1078 5
867 1043 873 1078 z
920 1028 1084 1098 Suidnieiani
1114 1029 1249 1098 quondam
1280 1040 1374 1090 rector,
1404 1031 1539 1100 apparatui
1566 1047 1615 1082 suo
1640 1033 1705 1083 Por·

99 1105 371 1177 δεινῶςκαρτερδν
388 1105 523 1176 leuata
539 1106 634 1176 μοικαὶ
647 1105 875 1175 αὖλητρὶδαςπρο·
920 1107 1049 1178 phyriano
1069 1108 1223 1160 inseruerat.
1272 1107 1322 1160 Sed
1345 1108 1453 1160 schedas
1477 1108 1531 1160 illas
1554 1108 1705 1162 Thomanas

98 1185 184 1246 σείεις
200 1184 204 1255 1
219 1190 254 1238 26
273 1202 279 1238 :
295 1185 453 1255 γεωργίαν
470 1185 523 1238 καὶ
542 1187 697 1256 γεωργεῖν
714 1183 760 1252 (el.
776 1185 837 1236 VH.
851 1187 874 1246 I,
921 1185 1038 1239 Suidnici
1050 1195 1076 1238 et
1087 1186 1249 1238 Vratislaviae
1266 1184 1360 1238 frustra
1379 1187 1502 1256 quesivi,
1516 1204 1601 1256 neque
1618 1205 1655 1239 ere
1676 1189 1703 1241 in

98 1263 280 1336 αιὀραντικήν
302 1264 344 1316 sal
366 1264 485 1332 ῐνραίνειν)
513 1263 516 1334 1
540 1281 573 1332 ²9
599 1281 605 1315 :
628 1263 707 1333 ἄκρα
730 1262 826 1315 αὐτὸν
848 1261 877 1324 ἐξ
921 1266 1077 1318 bibliotheca
1102 1266 1217 1318 Caesarea
1242 1265 1443 1318 vindobonensi
1473 1277 1649 1330 asservantur,
1678 1269 1705 1320 in

97 1345 185 1413 ἄκρας
198 1343 419 1414 διαλαμὸἀνει
433 1341 480 1407 (cs.
493 1345 552 1396 Na.
567 1344 642 1405 XIII,
659 1359 688 1394 11
706 1358 712 1394 z
729 1343 787 1394 ὅταν
803 1340 876 1393 αὐτὸν
922 1363 1001 1416 quam
1016 1345 1150 1398 translatas
1170 1345 1249 1397 fuisse
1263 1346 1292 1397 C.
1307 1347 1339 1398 E.
1359 1345 1411 1399 Ch.
1430 1344 1605 1398 Schneiderus
1625 1347 1710 1417 suspi-

96 1424 178 1492 δρόμος
200 1422 227 1476 ἐκ
252 1425 346 1494 δρόμον
368 1422 486 1494 διαλάὸῃ)
503 1424 513 1490 11
537 1423 600 1491 193,
626 1425 641 1476 8
666 1438 672 1474 :
696 1420 796 1474 καὶτὰ
822 1421 876 1491 μὲν
921 1436 994 1478 catus
1006 1435 1070 1477 erat.
1108 1426 1200 1494 Itaque
1212 1423 1333 1476 codicum
1347 1443 1396 1495 ope
1407 1443 1460 1476 non
1474 1425 1523 1477 nisi
1539 1443 1598 1494 quae
1616 1424 1707 1477 Victu-

95 1509 196 1573 πρῶτα
212 1503 248 1574 (ν.
265 1501 298 1556 ad
312 1520 339 1573 p.
353 1502 416 1570 295,
431 1505 478 1570 ta)
492 1500 623 1572 αἰδουμένη
638 1506 738 1571 copisti<
751 1495 782 1553 at
795 1501 877 1571 μάλα
920 1505 976 1556 rius
988 1505 1014 1556 in
1027 1501 1206 1555 describendis
1217 1500 1435 1572 conserendisque
1446 1504 1500 1554 suis
1514 1501 1588 1554 libris
1600 1503 1708 1554 commi-

98 1583 146 1652 1ιο
166 1598 171 1632 :
188 1581 350 1652 ᾶπεῤῥάγη
375 1581 379 1652 1
406 1598 435 1633 ιι
458 1579 515 1634 :oli
534 1577 592 1650 μὴν
607 1578 640 1640 εἰς
652 1580 681 1632 ab
695 1578 810 1640 παντελές
831 1599 877 1649 μου
921 1583 994 1635 sisset
1017 1580 1171 1651 corrigenda
1191 1581 1334 1635 restabant.
1377 1582 1430 1633 Nec
1452 1591 1539 1634 tamen
1561 1580 1604 1633 hic
1627 1599 1707 1652 opera

96 1661 316 1731 καταφρονήσουσιν
338 1663 442 1730 ὥσπερ
465 1654 518 1712 οὖν
541 1658 688 1728 alintheo(
712 1676 746 1711 ao
767 1677 774 1712 :
797 1659 878 1730 μήτηρ
922 1673 1011 1715 nostra
1031 1662 1156 1715 substitit.
1193 1663 1253 1714 Non
1266 1679 1349 1732 pauca
1363 1661 1433 1713 enirn
1446 1659 1540 1713 menda
1552 1661 1707 1712 auctoritate

96 1741 153 1810 ἅμα
167 1741 219 1793 καὶ
233 1740 322 1811 τροφὸς
336 1739 340 1811 1
354 1741 409 1793 23:
429 1738 462 1811 μὴ
476 1740 580 1792 τοίνυν
596 1737 600 1808 1
614 1739 647 1790 25
663 1755 669 1790 :
683 1745 778 1809 σιγῶσα
797 1738 824 1792 δὲ
843 1733 877 1791 εὖ
922 1743 1028 1795 Eusehii
1048 1741 1216 1802 sustulimus,
1238 1739 1313 1810 cujus
1338 1740 1522 1810 Praeparationi
1546 1739 1708 1808 Evangelieoe

96 1819 184 1888 pata.
923 1821 1095 1891 Porphyriani
1110 1821 1197 1891 operis
1209 1818 1332 1889 permulti
1345 1819 1425 1888 panni
1439 1818 1532 1870 intexti
1545 1827 1617 1870 sunt.

129 1897 182 1950 Non
196 1898 315 1951 reticebo
330 1896 467 1967 particulas
481 1895 606 1966 quasdam
625 1898 652 1950 in
670 1897 763 1948 ceteris
783 1895 877 1948 AEliani
958 1897 1000 1950 lld
1022 1897 1137 1950 libellum
1159 1897 1193 1949 de
1213 1902 1297 1951 Antro
1317 1897 1499 1967 Nympharum
1520 1895 1707 1966 expoliendum

94 1976 211 2046 operibus
224 1976 259 2028 ad
276 1975 383 2028 tedium
399 1992 481 2045 usque
494 1986 610 2028 recoctas
630 1974 771 2028 desiderari
787 1975 814 2026 in
838 1975 878 2026 his
922 1977 999 2030 bonae
1013 1988 1081 2029 notae
1098 1976 1216 2031 codicem
1229 1977 1393 2028 Marcianum
1412 1991 1461 2027 arr
1484 1973 1611 2037 adhibui,
1631 1973 1707 2044 cujus

94 2055 216 2124 epistolis,
238 2055 404 2124 omninoque
422 2055 450 2106 in
469 2055 501 2106 iis
522 2053 646 2106 formulas
667 2054 793 2106 AEliancas
813 2071 879 2124 pau·
923 2073 999 2108 usum
1015 2057 1079 2108 inihi
1092 2055 1220 2108 concessit
1233 2053 1414 2118 Valentinelli,
1429 2053 1493 2108 bibl.
1506 2055 1648 2106 Marcianas
1661 2053 1708 2106 hu·

94 2135 172 2186 riores
194 2153 309 2188 numero
332 2135 457 2204 reperiri,
473 2134 662 2204 quamquain
683 2132 756 2185 libris
769 2132 803 2185 de
820 2131 876 2186 Na.
924 2135 1089 2186 inanissimus
1102 2132 1248 2206 praelectus.
1263 2130 1394 2184 Nonnulla
1406 2131 1441 2184 oh
1452 2132 1569 2185 chartam
1584 2132 1707 2185 detritam

95 2212 130 2264 rel
144 2213 169 2264 in
184 2213 339 2282 fragmentis
356 2211 449 2266 eodem
468 2213 622 2282 paginarum
639 2212 740 2264 ambitu
759 2229 879 2281 compre·
923 2209 971 2281 legi
985 2229 1037 2263 non
1047 2221 1177 2282 poterant.

95 2291 247 2345 hendantur.
289 2295 344 2346 Nee
360 2303 445 2345 tamen
470 2291 531 2346 ideo
555 2291 712 2362 opusculum
732 2290 796 2344 illud
813 2291 880 2344 indi·
959 2292 1075 2344 Philonis
1089 2291 1206 2361 Byzantii
1219 2288 1333 2342 libellum
1350 2286 1384 2340 de
1397 2297 1495 2358 septem
1509 2286 1589 2340 Orbis
1608 2297 1709 2357 specta·

94 2389 169 2438 gnum
190 2373 297 2426 AEliano
319 2382 367 2425 est.
397 2371 510 2427 Abunde
535 2373 604 2424 enim
619 2381 726 2442 apparet
746 2371 877 2424 AElianum
923 2369 988 2422 culis
1003 2371 1077 2439 exegi
1097 2368 1130 2422 ad
1145 2369 1278 2432 codicem,
1300 2369 1345 2437 qui
1368 2367 1438 2419 solus
1453 2383 1514 2418 eum
1536 2366 1569 2418 ad
1591 2377 1707 2419 nostram

94 2451 208 2518 epistolas
219 2449 433 2505 conscribentem
444 2451 563 2504 nondum
578 2449 611 2504 ad
625 2467 758 2502 summum
774 2449 879 2503 allecta·
924 2449 1041 2518 pervexit
1055 2449 1223 2510 memoriam,
1236 2447 1382 2500 Palatinum
1394 2448 1448 2499 sive
1463 2443 1707 2515 Heidelbergcnsem

95 2530 168 2580 tionis
189 2528 325 2600 fastigium
346 2541 464 2583 evectum
484 2530 576 2595 hrisse3
600 2531 681 2582 immo
695 2527 818 2598 juvenem
837 2547 879 2580 eas
925 2528 987 2596 398.
1004 2529 1082 2579 Hunc
1093 2525 1182 2580 denuo
1197 2525 1307 2580 contuli.

94 2610 267 2678 composuisse
279 2611 513 2680 progymnasmatis
522 2610 604 2661 instar
612 2608 757 2660 scholastici
769 2625 817 2660 nec
830 2607 879 2659 nisi
960 2609 1047 2659 Restat
1069 2619 1099 2658 ut
1118 2605 1213 2658 addam
1243 2623 1380 2658 recensum
1408 2603 1533 2674 siglorum
1560 2603 1656 2674 quibus
1681 2605 1708 2655 in

95 2689 162 2740 initia
175 2688 377 2742 oecozeliaesuae
394 2689 426 2740 iis
440 2687 584 2740 admiscere
597 2689 721 2758 potuisse.
923 2684 1092 2738 adnotatione
1113 2686 1203 2738 critica
1225 2703 1289 2737 usas
1309 2703 1378 2737 sum.
1421 2687 1513 2753 Itaque
1535 2689 1559 2737 G
1581 2681 1710 2750 significat

126 2767 239 2838 Sedjam
250 2765 453 2840 properandum
470 2765 504 2819 ad
516 2765 689 2838 Porphyrium
704 2776 730 2816 et
745 2763 878 2816 Philonem
924 2765 1085 2828 Gesnerum,
1101 2768 1120 2814 S
1131 2762 1333 2825 Schneiderum,
1347 2765 1366 2815 Ι
1376 2761 1543 2826 Jacobsium,
1559 2764 1587 2813 V
1603 2761 1708 2813 Vatica-

97 2846 256 2912 Byaantium.
300 2848 383 2916 litque
400 2847 428 2898 in
447 2845 521 2899 libris
534 2845 642 2916 quidem
662 2843 696 2896 dc
712 2843 879 2899 stetinensis
924 2861 989 2896 num
1015 2843 1143 2908 Jacobsii,
1172 2845 1237 2897 Vnt.
1261 2841 1441 2912 supplementa
1475 2857 1533 2892 mea
1561 2838 1707 2891 collationis

95 2923 259 2978 emendandis
271 2925 321 2976 etsi
331 2925 527 2994 angustissimos
541 2925 637 2994 quibus
654 2923 793 2976 llhoeriana
806 2922 879 2974 crisis
924 2921 1165 2984 Pseudobastianae‚
1177 2925 1198 2974 L
1208 2921 1388 2992 Lipsiensem,
1402 2923 1432 2971 ΙΙ
1444 2921 1626 2972 Monacensem
1644 2922 1707 2980 aar,

96 3005 256 3062 secontinuit
270 3003 515 3075 finesprotulimus‚
529 3014 616 3056 tarnen
627 3021 675 3055 nec
683 3003 746 3072 ipsis
757 3001 879 3054 latissime
922 3005 951 3056 M
966 3004 1130 3056 Marcianum
1143 3019 1205 3065 aar,
1222 3001 1403 3054 PPalatinum
1419 3001 1481 3068 398·ι
1503 3001 1569 3052 Meae
1580 2997 1704 3051 editionis

96 3085 224 3154 exspatiari
234 3084 323 3137 licuit.
361 3085 427 3136 Nam
439 3102 475 3135 ex
489 3080 587 3136 Bhoerii
602 3081 737 3136 codicibus
748 3091 774 3133 et
784 3081 879 3132 nostris
923 3081 1071 3136 dissensum
1089 3101 1105 3135 a
1123 3082 1292 3144 laminiana,
1306 3083 1449 3143 Coraiana,
1463 3079 1604 3146 thnsiana
1617 3078 1653 3129 ita
1666 3078 1706 3129 in-

96 3179 181 3231 purum
203 3162 326 3216 utilitatis
346 3160 380 3214 ad
402 3161 581 3233 Porphyrium
602 3159 772 3222 redundavit,
788 3160 878 3228 utqui
923 3161 1023 3224 dicavi,
1041 3173 1070 3214 ut
1083 3160 1325 3214 harum·lectiones
1347 3178 1361 3212 a
1381 3158 1473 3211 dextra
1489 3176 1559 3210 unco
1577 3173 1709 3225 cogerem.

96 3240 237 3294 codicesad
252 3259 342 3294 unum
361 3259 452 3294 omues
469 3259 502 3294 ex
515 3239 609 3293 eodem
623 3240 667 3292 illo
681 3239 879 3309 corruptissimo
923 3244 989 3308 Quae
1007 3242 1096 3294 invitis
1111 3239 1246 3292 codicibus
1269 3239 1365 3290 inserta
1388 3247 1464 3299 sunt,
1480 3235 1618 3306 duplicatis
1635 3235 1710 3286 uncis

96 3329 119 3372 et
127 3321 185 3372 satis
196 3321 300 3374 recenti
312 3319 454 3391 archetypo
462 3320 595 3378 fluxerint,
602 3317 635 3370 ad
643 3317 716 3388 quod
723 3328 750 3370 et
757 3318 879 3387 princeps
923 3313 964 3394 1]
976 3337 990 3372 a
1002 3320 1094 3370 ceteris
1102 3318 1187 3370 verbis
1199 3317 1329 3385 segregavi
1338 3337 1345 3378 ;
1354 3314 1533 3385 simplicibus[
1548 3315 1557 3384 1
1567 3312 1710 3380 significavi

95 3397 170 3450 editio
190 3399 271 3454 redit.
313 3401 365 3452 Pro
379 3399 529 3466 unoigitur
548 3396 639 3449 cerdice
652 3393 798 3448 aestirnandi
816 3404 877 3446 sunt
922 3398 1086 3450 emblemata.
1101 3399 1175 3450 Meas
1188 3393 1383 3448 emendationes
1395 3394 1490 3464 passim
1503 3394 1649 3446 asterisco'
1666 3411 1712 3444 no·

97 3475 247 3546 morentini,
263 3495 336 3548 quos
351 3478 443 3529 Petrus
455 3476 590 3527 Victorius
603 3473 736 3534 tractavit,
759 3471 878 3524 Bodleia·
924 3477 985 3529 tavi.
1023 3479 1161 3540 Ceterum,
1179 3477 1200 3526 si
1222 3475 1395 3526 minutissima
1417 3471 1538 3543 quadarn
1559 3473 1710 3542 exceperis,

97 3572 155 3618 nus,
166 3556 397 3616 ldeermanianus‚
408 3555 550 3624 Lipsiensis
559 3563 585 3604 ct
598 3551 694 3622 quibus
706 3552 762 3621 ipse
777 3551 878 3620 primus
922 3563 1041 3606 accurate
1055 3551 1167 3604 indicavi
1182 3551 1227 3604 uhi
1241 3551 1363 3604 codicum
1384 3552 1525 3603 auctoritas
1536 3569 1603 3604 ame
1622 3550 1713 3603 aliisve

97 3649 154 3684 usus
166 3651 224 3686 sum
237 3633 353 3687 Parisini
368 3633 459 3700 (2083,
473 3631 747 3699 memoriaenon
762 3629 818 3698 (39,
832 3647 876 3698 91,
922 3633 1068 3686 editoribus
1082 3643 1167 3704 spreta
1180 3631 1238 3686 luit.

97 3711 164 3780 461),
179 3713 334 3764 Marcianus
344 3727 406 3780 292.
443 3711 547 3763 Horum
561 3725 609 3777 ego
621 3718 690 3761 totos
706 3709 807 3760 excussi
821 3709 878 3760 ltlo·
957 3713 1040 3770 scrib,
1057 3712 1220 3766 Rudolstadii
1235 3711 1289 3765 Cal.
1305 3715 1372 3780 hug.
1385 3729 1411 3765 a.
1429 3709 1506 3778 1857.

97 3807 226 3842 aucensem
236 3794 291 3853 461
305 3798 333 3840 et
343 3789 504 3859 Lipsiensem
514 3827 521 3850 ,
533 3785 608 3856 cujus
617 3785 741 3838 lectiones
750 3803 765 3838 a
775 3783 879 3837 Reisltio

100 3871 178 3921 minus
196 3877 322 3922 accurate
341 3877 475 3939 excerptas
489 3866 612 3919 librarius
626 3864 751 3918 habuerat
784 3864 877 3916 Parisi-
934 3880 936 3891 ¹
1313 3864 1480 3914 Runoeauus
1501 3859 1673 3912 llEllCllEll.
